
%% http://bulletin.imstat.org/2018/09/undergraduate-data-science-opportunities-and-options/

@article{horton2015teaching,
  title={Teaching the next generation of statistics students to “Think with Data”: Special issue on statistics and the undergraduate curriculum},
  author={Horton, Nicholas J and Hardin, Johanna S},
  journal={The American Statistician},
  volume={69},
  number={4},
  pages={259--265},
  year={2015},
  publisher={Taylor \& Francis}
}

@article{hardin2015data,
  title={Data science in statistics curricula: Preparing students to “think with data”},
  author={Hardin, Johanna and Hoerl, Roger and Horton, Nicholas J and Nolan, Deborah and Baumer, Ben and Hall-Holt, Olaf and Murrell, Paul and Peng, Roger and Roback, Paul and Temple Lang, D and others},
  journal={The American Statistician},
  volume={69},
  number={4},
  pages={343--353},
  year={2015},
  publisher={Taylor \& Francis}
}

@article{horton2015setting,
  title={Setting the stage for data science: integration of data management skills in introductory and second courses in statistics},
  author={Horton, Nicholas J and Baumer, Benjamin S and Wickham, Hadley},
  journal={arXiv preprint arXiv:1502.00318},
  year={2015}
}

@article{horton2014teaching,
  title={Teaching precursors to data science in introductory and second courses in statistics},
  author={Horton, Nicholas J and Baumer, Benjamin S and Wickham, Hadley},
  journal={arXiv preprint arXiv:1401.3269},
  year={2014}
}

@article{de2017curriculum,
  title={Curriculum guidelines for undergraduate programs in data science},
  author={De Veaux, Richard D and Agarwal, Mahesh and Averett, Maia and Baumer, Benjamin S and Bray, Andrew and Bressoud, Thomas C and Bryant, Lance and Cheng, Lei Z and Francis, Amanda and Gould, Robert and others},
  journal={Annual Review of Statistics and Its Application},
  volume={4},
  pages={15--30},
  year={2017},
  publisher={Annual Reviews}
}

@article{donoho201550,
  title={50 years of Data Science},
  author={Donoho, David},
  journal={URL http://courses. csail. mit. edu/18},
  volume={337},
  pages={2015},
  year={2015}
}

@book{na18,
  title={Data Science for Undergraduates: Opportunities and Options},
  author={National Academies of Sciences, Engineering, and Medicine},
  year={2018},
  publisher={National Academies Press}
}

